<?xml version="1.0" encoding="UTF-8"?>
<collection xmlns:xsi="http://www.w3.org/2001/XMLSchema-instance" xsi:schemaLocation="http://www.loc.gov/MARC21/slim http://www.loc.gov/standards/marcxml/schema/MARC21slim.xsd" xmlns="http://www.loc.gov/MARC21/slim">
<record>
  <leader>00560cam a22002171  4500</leader>
  <controlfield tag="001">3131338</controlfield>
  <controlfield tag="003">NNC</controlfield>
  <controlfield tag="005">20151117185848.0</controlfield>
  <controlfield tag="008">880713s1910    ua            000 0 arard</controlfield>
  <datafield tag="035" ind1=" " ind2=" ">
    <subfield code="a">(OCoLC)ocm18208389</subfield>
  </datafield>
  <datafield tag="035" ind1=" " ind2=" ">
    <subfield code="9">ATW5473CU</subfield>
  </datafield>
  <datafield tag="035" ind1=" " ind2=" ">
    <subfield code="a">(NNC)3131338</subfield>
  </datafield>
  <datafield tag="040" ind1=" " ind2=" ">
    <subfield code="a">WAU</subfield>
    <subfield code="c">WAU</subfield>
    <subfield code="d">OCL</subfield>
    <subfield code="d">ZCU</subfield>
  </datafield>
  <datafield tag="099" ind1=" " ind2=" ">
    <subfield code="a">893.7991</subfield>
    <subfield code="a">G345</subfield>
  </datafield>
  <datafield tag="100" ind1="0" ind2=" ">
    <subfield code="a">Ghazzālī,</subfield>
    <subfield code="d">1058-1111.</subfield>
  </datafield>
  <datafield tag="245" ind1="1" ind2="0">
    <subfield code="a">Kitāb Mīzān al-ʻamal.</subfield>
  </datafield>
  <datafield tag="260" ind1=" " ind2=" ">
    <subfield code="a">[Cairo,</subfield>
    <subfield code="c">1910]</subfield>
  </datafield>
  <datafield tag="300" ind1=" " ind2=" ">
    <subfield code="a">224 p.</subfield>
  </datafield>
  <datafield tag="650" ind1=" " ind2="0">
    <subfield code="a">Islamic ethics</subfield>
    <subfield code="v">Early works to 1800.</subfield>
  </datafield>
  <datafield tag="740" ind1="0" ind2=" ">
    <subfield code="a">Mīzān al-ʻamal.</subfield>
  </datafield>
  <datafield tag="955" ind1=" " ind2=" ">
    <subfield code="b">CU07842996</subfield>
    <subfield code="d">off,glx</subfield>
    <subfield code="e">893.7991 G345</subfield>
  </datafield>
</record>
</collection>